<?xml version="1.0" encoding="UTF-8"?><collection xmlns="http://www.loc.gov/MARC21/slim"><record><leader>00432nam--2200181-u-4500</leader><controlfield tag="001">000051833</controlfield><controlfield tag="002">20161230</controlfield><controlfield tag="005">20161230201049</controlfield><controlfield tag="008">081103s1000------------r-----000-0-eng-d</controlfield><datafield ind1=" " ind2=" " tag="040"><subfield code="a">IFIN-HH</subfield></datafield><datafield ind1=" " ind2=" " tag="080"><subfield code="a">511.3</subfield></datafield><datafield ind1="1" ind2=" " tag="100"><subfield code="a">Borovogo,M.V.(red.)</subfield></datafield><datafield ind1="1" ind2="0" tag="245"><subfield code="a">Avtomorfnye Formy, Predstavleniya i L-Funktsii</subfield></datafield><datafield ind1=" " ind2=" " tag="250"><subfield code="a">Moskva</subfield><subfield code="b">Mir</subfield></datafield><datafield ind1=" " ind2=" " tag="260"><subfield code="a">1984</subfield></datafield><datafield ind1=" " ind2=" " tag="300"><subfield code="a">286 p</subfield></datafield><datafield ind1=" " ind2=" " tag="852"><subfield code="a">46112</subfield><subfield code="c">517.9</subfield></datafield><datafield ind1=" " ind2=" " tag="CAT"><subfield code="a">Sys</subfield><subfield code="c">20081103</subfield><subfield code="h">112916</subfield></datafield></record></collection>